@misc{sage,
	  title = {Github of sage, open source mathematical software},
	  howpublished =
	  {\url{https://github.com/sagemath/sage}},
	  note = {Accessed: 2019-01-23}
}
@misc{estimator,
	title = {Secrity estimate for the Learning with Error Problem},
        howpublished =
	    {\url{https://bitbucket.org/malb/lwe-estimator}},
        note = {Accessed: 2019-01-23}
}
@misc{cryptoeprint:2019:009,
    author = {Qian Guo and Thomas Johansson and Erik MÃ¥rtensson and Paul Stankovski Wagner},
    title = {On the Asymptotics of Solving the LWE Problem Using Coded-BKW with Sieving},
    howpublished = {Cryptology ePrint Archive, Report 2019/009},
    year = {2019},
    note = {\url{https://eprint.iacr.org/2019/009}},
}
